<?xml version="1.0" encoding="UTF-8"?><collection xmlns="http://www.loc.gov/MARC21/slim"><record><leader>00480nam--2200169-u-4500</leader><controlfield tag="001">000055576</controlfield><controlfield tag="002">20161230</controlfield><controlfield tag="005">20161230201052</controlfield><controlfield tag="008">130227s1000------------r-----000-0-eng-d</controlfield><datafield ind1=" " ind2=" " tag="040"><subfield code="a">IFIN-HH</subfield></datafield><datafield ind1=" " ind2=" " tag="080"><subfield code="a">62(03):801.3=850=590</subfield></datafield><datafield ind1="1" ind2=" " tag="100"><subfield code="a">Kudrnovsky, Jaroslav</subfield></datafield><datafield ind1="1" ind2="0" tag="245"><subfield code="a">Dictionar tehnic roman-ceh s ceh-roman</subfield><subfield code="c">Jaroslav kudrnovsky</subfield></datafield><datafield ind1=" " ind2=" " tag="260"><subfield code="a">Praga</subfield><subfield code="b">Editura De Stat Pentru Literatura Tehnica</subfield><subfield code="c">1962</subfield></datafield><datafield ind1=" " ind2=" " tag="300"><subfield code="a">810P</subfield></datafield><datafield ind1=" " ind2=" " tag="852"><subfield code="a">D.640</subfield><subfield code="c">SLT</subfield></datafield><datafield ind1=" " ind2=" " tag="CAT"><subfield code="a">Sys</subfield><subfield code="c">20130227</subfield><subfield code="h">133803</subfield></datafield></record></collection>